@online{elasticsearch_reference,
    title={Elasticsearch Reference},
    author={{Elasticsearch B.V.}},
    year={© 2020},
    url={https://www.elastic.co/guide/en/elasticsearch/reference/current/index.html},
    urldate={2020-12-27}
}

@online{apache_lucene,
    title={Apache Lucene},
    author={{The Apache Software Foundation}},
    year={© 2011--2020},
    url={https://lucene.apache.org/},
    urldate={2020-12-27}
}

@online{elastic_sharding,
    title={Elasticsearch index sharding explanation},
    author={Alex Pryiomka},
    year={© 2017},
    url={https://stackoverflow.com/questions/47003336/elasticsearch-index-sharding-explanation},
    urldate={2020-12-27}
}

@online{elastic_concepts,
    title={10 Elasticsearch Concepts You Need to Learn},
    author={Daniel Berman},
    year={© 2019},
    url={https://logz.io/blog/10-elasticsearch-concepts/},
    urldate={2020-12-27}
}

@online{mapping_types,
    title={Removal of mapping types},
    author={{Elasticsearch B.V.}},
    year={© 2020},
    url={https://www.elastic.co/guide/en/elasticsearch/reference/current/removal-of-types.html},
    urldate={2020-12-27}
}

@online{understanding_sharding,
    title={Understanding Sharding in Elasticsearch},
    author={Bo Andersen},
    year={© 2017},
    url={https://codingexplained.com/coding/elasticsearch/understanding-sharding-in-elasticsearch},
    urldate={2021-01-06}
}

@online{query_dsl,
    title={Query DSL},
    author={{Elasticsearch B.V.}},
    year={© 2020},
    url={https://www.elastic.co/guide/en/elasticsearch/reference/current/query-dsl.html},
    urldate={2021-01-06}
}

@online{elastic_stack,
    title={Getting started with the Elastic Stack},
    author={{Elasticsearch B.V.}},
    year={© 2020},
    url={https://www.elastic.co/guide/en/elastic-stack-get-started/7.10/get-started-elastic-stack.html},
    urldate={2021-01-06}
}
